@inproceedings{z3-str,
 author = {Zheng, Yunhui and Zhang, Xiangyu and Ganesh, Vijay},
 title = {Z3-str: A Z3-based String Solver for Web Application Analysis},
 booktitle = {Proceedings of the 2013 9th Joint Meeting on Foundations of Software Engineering},
 series = {ESEC/FSE 2013},
 year = {2013},
 isbn = {978-1-4503-2237-9},
 location = {Saint Petersburg, Russia},
 pages = {114--124},
 numpages = {11},
 url = {http://doi.acm.org.prx.library.gatech.edu/10.1145/2491411.2491456},
 doi = {10.1145/2491411.2491456},
 acmid = {2491456},
 publisher = {ACM},
 address = {New York, NY, USA},
 keywords = {String Analysis, String Constraint Solver, Web Application},
} 

@inproceedings{hampi,
 author = {Kiezun, Adam and Ganesh, Vijay and Guo, Philip J. and Hooimeijer, Pieter and Ernst, Michael D.},
 title = {HAMPI: A Solver for String Constraints},
 booktitle = {Proceedings of the Eighteenth International Symposium on Software Testing and Analysis},
 series = {ISSTA '09},
 year = {2009},
 isbn = {978-1-60558-338-9},
 location = {Chicago, IL, USA},
 pages = {105--116},
 numpages = {12},
 url = {http://doi.acm.org.prx.library.gatech.edu/10.1145/1572272.1572286},
 doi = {10.1145/1572272.1572286},
 acmid = {1572286},
 publisher = {ACM},
 address = {New York, NY, USA},
 keywords = {context-free languages, regular languages, string constraints},
}

@inproceedings{dprle,
 author = {Hooimeijer, Pieter and Weimer, Westley},
 title = {A Decision Procedure for Subset Constraints over Regular Languages},
 booktitle = {Proceedings of the 2009 ACM SIGPLAN Conference on Programming Language Design and Implementation},
 series = {PLDI '09},
 year = {2009},
 isbn = {978-1-60558-392-1},
 location = {Dublin, Ireland},
 pages = {188--198},
 numpages = {11},
 url = {http://doi.acm.org.prx.library.gatech.edu/10.1145/1542476.1542498},
 doi = {10.1145/1542476.1542498},
 acmid = {1542498},
 publisher = {ACM},
 address = {New York, NY, USA},
 keywords = {decision procedure, regular language},
}

@inproceedings{rex,
 author = {Veanes, Margus and Halleux, Peli de and Tillmann, Nikolai},
 title = {Rex: Symbolic Regular Expression Explorer},
 booktitle = {Proceedings of the 2010 Third International Conference on Software Testing, Verification and Validation},
 series = {ICST '10},
 year = {2010},
 isbn = {978-0-7695-3990-4},
 pages = {498--507},
 numpages = {10},
 url = {http://dx.doi.org/10.1109/ICST.2010.15},
 doi = {10.1109/ICST.2010.15},
 acmid = {1828494},
 publisher = {IEEE Computer Society},
 address = {Washington, DC, USA},
 keywords = {regular expressions, finite automata, satisfiability modulo theories, strings},
}
